<?xml version="1.0" encoding="UTF-8" ?><marc:collection xmlns:marc="http://www.loc.gov/MARC21/slim" xmlns:xsi="http://www.w3.org/2001/XMLSchema-instance" xsi:schemaLocation="http://www.loc.gov/MARC21/slim http://www.loc.gov/standards/marcxml/schema/MARC21slim.xsd">
<marc:record><marc:leader>03795cam a2200493Ii 4500</marc:leader>
<marc:controlfield tag="001">b14409549</marc:controlfield>
<marc:controlfield tag="003">UaCaAUL</marc:controlfield><marc:controlfield tag="005">20190515104350.0</marc:controlfield><marc:controlfield tag="008">190515m1912uuuuua            000 0 ara d</marc:controlfield><marc:datafield tag="035" ind1=" " ind2=" "><marc:subfield code="a">(OCoLC)1101183306</marc:subfield></marc:datafield><marc:datafield tag="040" ind1=" " ind2=" "><marc:subfield code="a">MEAUC</marc:subfield><marc:subfield code="b">eng</marc:subfield><marc:subfield code="e">rda</marc:subfield><marc:subfield code="c">MEAUC</marc:subfield><marc:subfield code="d">MEAUC</marc:subfield></marc:datafield><marc:datafield tag="049" ind1=" " ind2=" "><marc:subfield code="a">MAIN</marc:subfield></marc:datafield><marc:datafield tag="050" ind1=" " ind2="4"><marc:subfield code="a">BP174.I176</marc:subfield><marc:subfield code="b">N34x 1912</marc:subfield></marc:datafield><marc:datafield tag="066" ind1=" " ind2=" "><marc:subfield code="c">(3</marc:subfield></marc:datafield><marc:datafield tag="090" ind1=" " ind2=" "><marc:subfield code="a">BP174.I176</marc:subfield><marc:subfield code="b">N34x 1912</marc:subfield></marc:datafield><marc:datafield tag="100" ind1="1" ind2=" "><marc:subfield code="6">880-01</marc:subfield><marc:subfield code="a">Nafrāwī, Aḥmad ibn Ghunaym,</marc:subfield><marc:subfield code="d">1634?-1714?</marc:subfield></marc:datafield><marc:datafield tag="240" ind1="1" ind2="0"><marc:subfield code="6">880-02</marc:subfield><marc:subfield code="a">Fawākih al-dawānī ʻalá Risālat Ibn Abī Zayd al-Qayrawānī.</marc:subfield></marc:datafield><marc:datafield tag="245" ind1="1" ind2="3"><marc:subfield code="6">880-03</marc:subfield><marc:subfield code="a">al-Juzʼ al-awwal[-] min kitāb al-Fawākih al-dawānī ʻalá Risālat Ibn Abī Zayd al-Qayrawānī /</marc:subfield><marc:subfield code="c">taʼlīf al-ʻallāmah al-shaykh Aḥmad ibn Ghunaym ibn Sālim ibn Muhannā al-Nafrāwī al-Mālikī, al-mutawaffá sanat 1125 Hijrīyah raḥimahu Allāh taʻālá wa-nafaʻanā bi-hi, āmīn. Wa-bi-hāmishihi Risālat Ibn Abī Zayd al-Qayrawānī wa-huwa al-Imām Abū Muḥammad ʻAbd Allāh ibn Abī Zayd ʻAbd al-Raḥmān al-Qayrawānī, al-mutawaffá sanat 386.</marc:subfield></marc:datafield><marc:datafield tag="246" ind1="3" ind2=" "><marc:subfield code="6">880-04</marc:subfield><marc:subfield code="a">Kitāb al-Fawākih al-dawānī ʻalá Risālat Ibn Abī Zayd al-Qayrawānī.</marc:subfield></marc:datafield><marc:datafield tag="246" ind1="3" ind2=" "><marc:subfield code="6">880-05</marc:subfield><marc:subfield code="a">Fawākih al-dawānī ʻalá Risālat Ibn Abī Zayd al-Qayrawānī.</marc:subfield></marc:datafield><marc:datafield tag="250" ind1=" " ind2=" "><marc:subfield code="6">880-06</marc:subfield><marc:subfield code="a">al-Ṭabʻah al-ūlá.</marc:subfield></marc:datafield><marc:datafield tag="264" ind1=" " ind2="1"><marc:subfield code="6">880-07</marc:subfield><marc:subfield code="a">Miṣr :</marc:subfield><marc:subfield code="b">Maṭbaʻat al-Saʻādah bi-jiwār Muḥāfaẓat Miṣr,</marc:subfield><marc:subfield code="c">1331 Hijrīyah [1912 or 1913]-</marc:subfield></marc:datafield><marc:datafield tag="300" ind1=" " ind2=" "><marc:subfield code="a">volumes ;</marc:subfield><marc:subfield code="c">28 cm.</marc:subfield></marc:datafield><marc:datafield tag="336" ind1=" " ind2=" "><marc:subfield code="a">text</marc:subfield><marc:subfield code="b">txt</marc:subfield><marc:subfield code="2">rdacontent.</marc:subfield></marc:datafield><marc:datafield tag="337" ind1=" " ind2=" "><marc:subfield code="a">unmediated</marc:subfield><marc:subfield code="b">n</marc:subfield><marc:subfield code="2">rdamedia.</marc:subfield></marc:datafield><marc:datafield tag="338" ind1=" " ind2=" "><marc:subfield code="a">volume</marc:subfield><marc:subfield code="b">nc</marc:subfield><marc:subfield code="2">rdacarrier.</marc:subfield></marc:datafield><marc:datafield tag="500" ind1=" " ind2=" "><marc:subfield code="6">880-08</marc:subfield><marc:subfield code="a">ʻAlá nafaqat ḥaḍrat al-shaykh Muḍawwī ibn al-ḥājj Abī Bakr, ṣāḥib al-Maktabah al-Ahlīyah bi-al-Kharṭūm.</marc:subfield></marc:datafield><marc:datafield tag="600" ind1="1" ind2="0"><marc:subfield code="a">Ibn Abī Zayd al-Qayrawānī, ʻAbd Allāh ibn ʻAbd al-Raḥmān,</marc:subfield><marc:subfield code="d">active 10th century.</marc:subfield><marc:subfield code="t">Risālah.</marc:subfield></marc:datafield><marc:datafield tag="650" ind1=" " ind2="0"><marc:subfield code="a">Malikites</marc:subfield><marc:subfield code="v">Early works to 1800.</marc:subfield></marc:datafield><marc:datafield tag="650" ind1=" " ind2="0"><marc:subfield code="a">Islamic law</marc:subfield><marc:subfield code="v">Early works to 1800.</marc:subfield></marc:datafield><marc:datafield tag="700" ind1="1" ind2="2"><marc:subfield code="6">880-09</marc:subfield><marc:subfield code="a">Ibn Abī Zayd al-Qayrawānī, ʻAbd Allāh ibn ʻAbd al-Raḥmān,</marc:subfield><marc:subfield code="d">active 10th century.</marc:subfield><marc:subfield code="t">Risālah.</marc:subfield></marc:datafield><marc:datafield tag="880" ind1="1" ind2="0"><marc:subfield code="6">240-02/(3/r</marc:subfield><marc:subfield code="a">فواكه الدواني على رسالة ابن أبي زيد القيرواني.</marc:subfield></marc:datafield><marc:datafield tag="880" ind1="1" ind2=" "><marc:subfield code="6">100-01/(3/r</marc:subfield><marc:subfield code="a">نفراوي، أحمد بن غنيم،‪</marc:subfield><marc:subfield code="d">1634؟-1714؟.</marc:subfield></marc:datafield><marc:datafield tag="880" ind1="1" ind2="2"><marc:subfield code="6">245-03/(3/r</marc:subfield><marc:subfield code="a">الجزء الأول[-] من كتاب الفواكه الدواني على رسالة ابن أبي زيد القيرواني /‪</marc:subfield><marc:subfield code="c">تأليف العلامة الشيخ أحمد بن غنيم بن سالم بن مهنا النفراوي المالكي، المتوفى سنة 1125 هجرية رحمه الله تعالى ونفعنا به، آمين. وبهامشه رسالة ابن أبي زيد القيرواني وهو الامام أبو محمد عبد الله بن أبي زيد عبد الرحمن القيرواني، المتوفى سنة 386.</marc:subfield></marc:datafield><marc:datafield tag="880" ind1="3" ind2=" "><marc:subfield code="6">246-04/(3/r</marc:subfield><marc:subfield code="a">كتاب الفواكه الدواني على رسالة ابن أبي زيد القيرواني.</marc:subfield></marc:datafield><marc:datafield tag="880" ind1="3" ind2=" "><marc:subfield code="6">246-05/(3/r</marc:subfield><marc:subfield code="a">فواكه الدواني على رسالة ابن أبي زيد القيرواني.</marc:subfield></marc:datafield><marc:datafield tag="880" ind1=" " ind2=" "><marc:subfield code="6">250-06/(3/r</marc:subfield><marc:subfield code="a">الطبعة الأولى..</marc:subfield></marc:datafield><marc:datafield tag="880" ind1=" " ind2="1"><marc:subfield code="6">264-07/(3/r</marc:subfield><marc:subfield code="a">مصر :‪</marc:subfield><marc:subfield code="b">مطبعة السعادة بجوار محافظة مصر:‪</marc:subfield><marc:subfield code="c">1331 هجرية [1912 أو 1913]-</marc:subfield></marc:datafield><marc:datafield tag="880" ind1=" " ind2=" "><marc:subfield code="6">500-08/(3/r</marc:subfield><marc:subfield code="a">على نفقة حضرة الشيخ مضوي بن الحاج أبي بكر، صاحب المكتبة الاهلية بالخرطوم..</marc:subfield></marc:datafield><marc:datafield tag="880" ind1="1" ind2="2"><marc:subfield code="6">700-09/(3/r</marc:subfield><marc:subfield code="a">ابن ابي زيد القيرواني، عبد الله بن عبد الرحمن،‪</marc:subfield><marc:subfield code="d">active 10th century.</marc:subfield><marc:subfield code="t">رسالة..</marc:subfield></marc:datafield><marc:datafield tag="907" ind1=" " ind2=" "><marc:subfield code="a">.b14409549</marc:subfield><marc:subfield code="b">main </marc:subfield></marc:datafield><marc:datafield tag="902" ind1=" " ind2=" "><marc:subfield code="a">190516</marc:subfield></marc:datafield><marc:datafield tag="998" ind1=" " ind2=" "><marc:subfield code="b">2</marc:subfield><marc:subfield code="c">080113</marc:subfield><marc:subfield code="d">m</marc:subfield><marc:subfield code="e">~</marc:subfield><marc:subfield code="f">-</marc:subfield><marc:subfield code="g">3</marc:subfield><marc:subfield code="k">TA</marc:subfield></marc:datafield><marc:datafield tag="945" ind1=" " ind2=" "><marc:subfield code="l">main </marc:subfield><marc:subfield code="u">v.v.1</marc:subfield></marc:datafield></marc:record>
</marc:collection>
